%! Author = Luis
%! Date = 26.01.2024

@online {whatismyipaddress,
	author = {Chris Parker},
	title = {WhatIsMyIPAddress.com},
	lastchecked = {26. Januar 2024},
	url = {https://whatismyipaddress.com/}
}

@online {whatismyip,
	title = {WhatIsMyIP.com},
	lastchecked = {26. Januar 2024},
	url = {https://www.whatismyip.com}
}

@online {anaconda,
	title = {Anaconda},
	lastchecked = {27. Januar 2024},
	url = {https://www.anaconda.com/}
}

@online {getip,
	author = {Tirtha Rahaman},
	title = {The below code always gives the public IP of the client (and not a private IP behind a proxy).},
	month = {10. April},
	year = {2018},
    lastchecked = {01. Februar 2024},
	url = {https://stackoverflow.com/a/49760261}
}

@online {socket,
	author = {©, Miguel Grinberg},
	title = {Flask-SocketIO},
	year = {2018},
	url = {https://flask-socketio.readthedocs.io/en/latest/getting_started.html}
}

@online {jwt,
	author = {José Padilla},
	title = {PyJWT on readthedocs},
	url = {https://pyjwt.readthedocs.io/en/latest/}
}

@online {cassiomolin,
	author = {cassiomolin},
	title = {Best HTTP Authorization header type for JWT},
	month = {7. October},
	year = {2021},
    lastchecked = {01. Februar 2024},
	url = {https://stackoverflow.com/a/47157391}
}

@online {encodeURI,
	author = {mozilla},
	title = {encodeURI},
    lastchecked = {01. Februar 2024},
	url = {https://developer.mozilla.org/en-US/docs/Web/JavaScript/Reference/Global_Objects/encodeURI}
}

@online {unquoteplus,
	title = {unquote plus},
    lastchecked = {01. Februar 2024},
	url = {https://docs.python.org/3/library/urllib.parse.html#urllib.parse.unquote_plus}
}

